<record><leader>00000cas a2200000   4500</leader><controlfield tag="001">3762540</controlfield><controlfield tag="008">780330c19789999couwr ne      0   a0eng d</controlfield><datafield ind1=" " ind2=" " tag="010"><subfield code="a">sn 81006192 </subfield></datafield><datafield ind1=" " ind2=" " tag="040"><subfield code="a">COA</subfield><subfield code="b">eng</subfield><subfield code="c">COA</subfield><subfield code="d">NSD</subfield><subfield code="d">OCL</subfield><subfield code="d">OCLCQ</subfield></datafield><datafield ind1=" " ind2=" " tag="012"><subfield code="l">1</subfield><subfield code="m">1</subfield></datafield><datafield ind1="1" ind2=" " tag="022"><subfield code="a">0278-5838</subfield><subfield code="l">0278-5838</subfield><subfield code="2">1</subfield></datafield><datafield ind1=" " ind2=" " tag="032"><subfield code="a">673020</subfield><subfield code="b">USPS</subfield></datafield><datafield ind1=" " ind2=" " tag="037"><subfield code="b">Weekly Register-Call, P.O. Box 609, Central City, CO, 80427</subfield></datafield><datafield ind1=" " ind2=" " tag="042"><subfield code="a">nsdp</subfield></datafield><datafield ind1=" " ind2=" " tag="090"><subfield code="a">AN3</subfield><subfield code="b">.W35</subfield></datafield><datafield ind1=" " ind2="0" tag="222"><subfield code="a">Weekly register-call</subfield></datafield><datafield ind1="0" ind2="0" tag="245"><subfield code="a">Weekly register-call.</subfield></datafield><datafield ind1="3" ind2=" " tag="246"><subfield code="a">Weekly register call</subfield></datafield><datafield ind1=" " ind2=" " tag="260"><subfield code="a">[Central City, Colo.,</subfield><subfield code="b">Wm. C. Russell, Jr.]</subfield></datafield><datafield ind1=" " ind2=" " tag="300"><subfield code="a">v.</subfield><subfield code="b">ill.</subfield><subfield code="c">56 cm.</subfield></datafield><datafield ind1=" " ind2=" " tag="310"><subfield code="a">Weekly</subfield></datafield><datafield ind1=" " ind2=" " tag="500"><subfield code="a">"A Gilpin County paper - serving Gilpin County interests."</subfield></datafield><datafield ind1=" " ind2=" " tag="752"><subfield code="a">United States</subfield><subfield code="b">Colorado</subfield><subfield code="d">Central City</subfield></datafield><datafield ind1=" " ind2=" " tag="936"><subfield code="a">unknown</subfield><subfield code="a">Sept. 25, 1981</subfield></datafield></record>